@book{bishop-ml,
    author = {Bishop C.M},
    year = {2006},
    title = {Pattern Recognition and Machine Learning},
    publisher = {Springer}
}
@book{medvedev-stats,
    author = {Ивченко Г.И., Медведев Ю.И.},
    year = {1984},
    title = {Математическая статистика},
    publisher = {Издательство "Высшая школа"}
}
@article{hoffman-SVI,
    author = {Hoffman M.D},
    year = {2013},
    title = {Stochastic Variational Inference},
    journal = {Journal of Machine Learning Research 14},
}
@article{black-box-vi,
    author = {Ranganath R.},
    year = {2014},
    title = {Black Box Variational Inference},
    journal = {17th International Conference on Artificial Intelligence and Statistics}
}
@article{auto-encod-bayes,
    author = {Diederik P. Kingma, Max Welling},
    year = {2014},
    title = {Auto-Encoding Variational Bayes},
    journal = {2nd International Conference on Learning Representations}
}
@article{williams:92,
    author = {Williams R.},
    year = {1992},
    title = {Simple statistical gradient-following algorithms for connectionist reinforcement learning},
    journal = {Machine Learning},
    pages = {229-256},
    volume = {8}
}
